<record><leader>00000cas a22000007a 4500</leader><controlfield tag="001">12077149</controlfield><controlfield tag="008">850524d1887189ualuwr ne      0    0eng d</controlfield><datafield ind1=" " ind2=" " tag="010"><subfield code="a">sn 85044647 </subfield></datafield><datafield ind1=" " ind2=" " tag="040"><subfield code="a">ABJ</subfield><subfield code="b">eng</subfield><subfield code="c">ABJ</subfield><subfield code="d">CPN</subfield><subfield code="d">OCLCQ</subfield><subfield code="d">OCLCO</subfield></datafield><datafield ind1="1" ind2=" " tag="029"><subfield code="a">AU@</subfield><subfield code="b">000025828395</subfield></datafield><datafield ind1=" " ind2=" " tag="042"><subfield code="a">msc</subfield></datafield><datafield ind1="0" ind2=" " tag="130"><subfield code="a">Alabama sentinel (Birmingham, Ala.)</subfield></datafield><datafield ind1="1" ind2="0" tag="245"><subfield code="a">Alabama sentinel.</subfield></datafield><datafield ind1=" " ind2=" " tag="260"><subfield code="a">Birmingham, Ala. :</subfield><subfield code="b">State Assembly, Knights of Labor</subfield></datafield><datafield ind1=" " ind2=" " tag="300"><subfield code="a">v. :</subfield><subfield code="b">ill. (chiefly advertisements)</subfield></datafield><datafield ind1=" " ind2=" " tag="310"><subfield code="a">Weekly</subfield></datafield><datafield ind1="1" ind2=" " tag="362"><subfield code="a">Began in 1887.</subfield><subfield code="z">Cf. Ayer.</subfield></datafield><datafield ind1=" " ind2=" " tag="500"><subfield code="a">Special edition, July 4, 1889.</subfield></datafield><datafield ind1=" " ind2=" " tag="500"><subfield code="a">Editors: &lt;1888&gt; Alfred Taylor; &lt;1888-Feb. 21, 1891&gt; Thomas H. White; &lt;Feb. 28, 1891-Dec. 3, 1892&gt; Peter Findlay.</subfield></datafield><datafield ind1=" " ind2=" " tag="515"><subfield code="a">Numbering is irregular.</subfield></datafield><datafield ind1=" " ind2=" " tag="550"><subfield code="a">Official organ of the State Assembly of the Knights of Labor.</subfield></datafield><datafield ind1=" " ind2=" " tag="588"><subfield code="a">Description based on: Vol. 1, no. 2 (Apr. 9, 1887).</subfield></datafield><datafield ind1="2" ind2=" " tag="710"><subfield code="a">Knights of Labor.</subfield></datafield><datafield ind1=" " ind2=" " tag="752"><subfield code="a">United States</subfield><subfield code="b">Alabama</subfield><subfield code="c">Jefferson</subfield><subfield code="d">Birmingham.</subfield></datafield></record>